@article{grfec,
author={}
}
@inproceedings{grbenchmark,
author={{Timothy J. Oâ€™Shea} and {Thomas W. Rondeau }},
title={{A Universal GNU Radio Performance Benchmarking Suite}},
booktitle={8th Karlsruhe Workshop on Software Radio 2014},
year=2014
}
@article{volk,
author={}
}
